
@article{yu2004empirical,
  title={Empirical characteristic function estimation and its applications},
  author={Yu, Jun},
  journal={Econometric reviews},
  volume={23},
  number={2},
  pages={93--123},
  year={2004},
  publisher={Taylor \& Francis}
}

%%%%%%%%%%%%%%%%%%%%%%%%%%%%%%%%%%%%%%%%%%%%%%%%%%%%%%%%%%%%%%%%%%%%%%%%%%%%%%%%

@inproceedings{karger2002finding,
  title={Finding nearest neighbors in growth-restricted metrics},
  author={Karger, David R and Ruhl, Matthias},
  booktitle={Proceedings of the thiry-fourth annual ACM symposium on Theory of computing},
  pages={741--750},
  year={2002},
  organization={ACM}
}

@inproceedings{bartal2003metric,
  title={On metric Ramsey-type phenomena},
  author={Bartal, Yair and Linial, Nathan and Mendel, Manor and Naor, Assaf},
  booktitle={Proceedings of the thirty-fifth annual ACM symposium on Theory of computing},
  pages={463--472},
  year={2003},
  organization={ACM}
}

@inproceedings{gupta2003bounded,
  title={Bounded geometries, fractals, and low-distortion embeddings},
  author={Gupta, Anupam and Krauthgamer, Robert and Lee, James R},
  booktitle={Foundations of Computer Science, 2003. Proceedings. 44th Annual IEEE Symposium on},
  pages={534--543},
  year={2003},
  organization={IEEE}
}

@inproceedings{krauthgamer2004navigating,
  title={Navigating nets: simple algorithms for proximity search},
  author={Krauthgamer, Robert and Lee, James R},
  booktitle={Proceedings of the fifteenth annual ACM-SIAM symposium on Discrete algorithms},
  pages={798--807},
  year={2004},
  organization={Society for Industrial and Applied Mathematics}
}

@inproceedings{abraham2006advances,
  title={Advances in metric embedding theory},
  author={Abraham, Ittai and Bartal, Yair and Neimany, Ofer},
  booktitle={Proceedings of the thirty-eighth annual ACM symposium on Theory of computing},
  pages={271--286},
  year={2006},
  organization={ACM}
}

@article{nickl2007bracketing,
  title={Bracketing metric entropy rates and empirical central limit theorems for function classes of Besov-and Sobolev-type},
  author={Nickl, Richard and P{\"o}tscher, Benedikt M},
  journal={Journal of Theoretical Probability},
  volume={20},
  number={2},
  pages={177--199},
  year={2007},
  publisher={Springer}
}

